<record><leader>00000cas a2200000 a 4500</leader><controlfield tag="001">12169149</controlfield><controlfield tag="008">850618d18891891ksuwr ne      0    0eng d</controlfield><datafield ind1=" " ind2=" " tag="010"><subfield code="a">sn 85031587 </subfield></datafield><datafield ind1=" " ind2=" " tag="040"><subfield code="a">KSH</subfield><subfield code="b">eng</subfield><subfield code="c">KSH</subfield><subfield code="d">NPT</subfield><subfield code="d">OCL</subfield><subfield code="d">OCLCQ</subfield></datafield><datafield ind1=" " ind2=" " tag="042"><subfield code="a">msc</subfield></datafield><datafield ind1="0" ind2="0" tag="245"><subfield code="a">Wilsey bulletin.</subfield></datafield><datafield ind1=" " ind2=" " tag="260"><subfield code="a">Wilsey, Kan. :</subfield><subfield code="b">J.C. Padgett,</subfield><subfield code="c">1889-1891.</subfield></datafield><datafield ind1=" " ind2=" " tag="300"><subfield code="a">2 v. ;</subfield><subfield code="c">56 cm.</subfield></datafield><datafield ind1=" " ind2=" " tag="310"><subfield code="a">Weekly</subfield></datafield><datafield ind1="0" ind2=" " tag="362"><subfield code="a">Vol. 1, no. 1 (June 6, 1889)-v. 2, no. 31 (Jan. 2, 1891).</subfield></datafield><datafield ind1=" " ind2=" " tag="500"><subfield code="a">Published by G.W. Coffin, Jr., Mar. 21, 1890-</subfield></datafield><datafield ind1=" " ind2=" " tag="500"><subfield code="a">"Republican."</subfield></datafield><datafield ind1=" " ind2=" " tag="752"><subfield code="a">United States</subfield><subfield code="b">Kansas</subfield><subfield code="c">Morris</subfield><subfield code="d">Wilsey.</subfield></datafield><datafield ind1="0" ind2="0" tag="785"><subfield code="t">Alliance herald</subfield><subfield code="w">(DLC)sn 85030445</subfield></datafield></record>